@book{mackay2003information,
  title={Information theory, inference and learning algorithms},
  author={MacKay, David JC},
  year={2003},
  publisher={Cambridge university press}
}

@article{SolarCells,
	title = {Silicon photovoltaic cells},
	journal = {Solid-State Electronics},
	volume = {24},
	number = {7},
	pages = {595-616},
	year = {1981},
	issn = {0038-1101},
	doi = {https://doi.org/10.1016/0038-1101(81)90188-X},
	url = {https://www.sciencedirect.com/science/article/pii/003811018190188X},
	author = {R.N. Hall},
}

@Manual{MonoSol,
  title        = {IBC MonoSol 310 VL5},
  year         = {2017},
  number       = {2004200015},
  organization = {IBC},
  url          = {https://www.photovoltaik4all.de/media/87/51/c3/1694533521/datenblatt_ibc-monosol-310-vl5_datenblatt-europa-japan_de.pdf},
}